
@article{ptrrees_and_greedy,
      author  = "Mike, Steel",
      title   = {Phylogenetic Diversity and the Greedy Algorithm},
      journal = "Systematic Biology",
      year    = 2005,
      volume  = "54",
      number  = "4",
      pages   = "527--529"
			note = {\url{http://www.math.canterbury.ac.nz/~m.steel/Non_UC/files/research/greedy.pdf}}
			issn = {1063-5157 print / 1076-836X online}
    }
		
@misc{
		nesz,
		author  = "Fleiner Tamás",
    title   = {A számítástudomány alapjai},
		year    = 2014,
		howpublished = {\url{http://www.cs.bme.hu/~fleiner/jegyzet/NESZ.pdf}}		
}
			
			